@misc{wikiNobel,
  title = {{Wikipedia} Nobel Prize},
  howpublished = {\url{https://en.wikipedia.org/wiki/Nobel_Prize}},
  note = {Accessed: 2015-12-09}
}
@misc{nobelNobel,
  title = {{Nobelprize.org} Alfred Nobel},
  howpublished = {\url{http://www.nobelprize.org/alfred_nobel/}},
  note = {Accessed: 2015-12-09}
}
@misc{nobelList,
  title = {{Nobelprize.org} All Nobel Prizes},
  howpublished = {\url{http://www.nobelprize.org/nobel_prizes/lists/all/}},
  note = {Accessed: 2015-12-09}
}
@misc{nobelNomination,
  title = {{Nobelprize.org} All Nobel Prizes},
  howpublished = {\url{http://www.nobelprize.org/nomination/}},
  note = {Accessed: 2015-12-09}
}
@misc{wc3SPARQL,
  title = {{wc3.org} SPARQL Query Language},
  howpublished = {\url{http://www.w3.org/TR/rdf-sparql-query/}},
  note = {Accessed: 2015-12-09}
}
